<?xml version="1.0" encoding="UTF-8"?><collection xmlns="http://www.loc.gov/MARC21/slim"><record><leader>00480nam--2200181-u-4500</leader><controlfield tag="001">000055994</controlfield><controlfield tag="002">20161230</controlfield><controlfield tag="005">20161230201052</controlfield><controlfield tag="008">140507s1000------------r-----000-0-eng-d</controlfield><datafield ind1=" " ind2=" " tag="040"><subfield code="a">IFIN-HH</subfield></datafield><datafield ind1=" " ind2=" " tag="080"><subfield code="a">801.323.2+805.90+804.0</subfield></datafield><datafield ind1="1" ind2=" " tag="110"><subfield code="a">Editura Stiintifica</subfield></datafield><datafield ind1="1" ind2="0" tag="245"><subfield code="a">Dictionar roman - francez</subfield></datafield><datafield ind1=" " ind2=" " tag="250"><subfield code="a">Editia Aiv-a Revizuita Si Adaugita</subfield></datafield><datafield ind1=" " ind2=" " tag="260"><subfield code="a">Bucuresti</subfield><subfield code="b">Editura Stiintifica</subfield><subfield code="c">1978</subfield></datafield><datafield ind1=" " ind2=" " tag="300"><subfield code="a">227P</subfield></datafield><datafield ind1=" " ind2=" " tag="852"><subfield code="a">D 136</subfield><subfield code="c">SLF</subfield></datafield><datafield ind1=" " ind2=" " tag="CAT"><subfield code="a">Sys</subfield><subfield code="c">20140507</subfield><subfield code="h">175554</subfield></datafield></record></collection>